<?xml version="1.0" encoding="UTF-8"?><collection xmlns="http://www.loc.gov/MARC21/slim"><record><leader>00420nam--2200133-i-4500</leader><controlfield tag="001">000045429</controlfield><controlfield tag="002">20161230</controlfield><controlfield tag="005">20161230201045</controlfield><controlfield tag="008">060222s1000------------r-----000-0-eng-d</controlfield><datafield ind1=" " ind2=" " tag="080"><subfield code="a">546.65:66.061(043)</subfield></datafield><datafield ind1=" " ind2=" " tag="100"><subfield code="a">Treboux, Marc</subfield></datafield><datafield ind1=" " ind2=" " tag="245"><subfield code="a">L`extraction liquide et la separation des nitrates de terres rares par le tri-b-butylphosphate. these</subfield></datafield><datafield ind1=" " ind2=" " tag="260"><subfield code="a">Clausthal-zellerfeld, Univ.De Lausanne, 1978, 82p</subfield></datafield><datafield ind1=" " ind2=" " tag="852"><subfield code="a">49587</subfield></datafield></record></collection>